@article{imran2023artistic,
  title={Artistic style recognition: combining deep and shallow neural networks for painting classification},
  author={Imran, Saqib and Naqvi, Rizwan Ali and Sajid, Muhammad and Malik, Tauqeer Safdar and Ullah, Saif and Moqurrab, Syed Atif and Yon, Dong Keon},
  journal={Mathematics},
  volume={11},
  number={22},
  pages={4564},
  year={2023},
  publisher={MDPI}
}
@misc{painter_by_numbers,
  author = {Kaggle},
  title = {Painter by Numbers},
  howpublished = {\url{https://www.kaggle.com/c/painter-by-numbers/data}},
  note = {Accessed: 2025-04-24}
}
@misc{artnet,
  author = {Rendi Chevi},
  title = {ArtNet - Painting Style Classification and Feature Visualization},
  howpublished = {\url{https://github.com/rendchevi/artnet-app}},
  note = {Accessed: 2025-04-24}
}
@INPROCEEDINGS{9718928,
  author={Zhang, Zhenghua and Gong, Zhangjie and Hong, Qingqing and Jiang, Ling},
  booktitle={2021 International Conference on Computer Information Science and Artificial Intelligence (CISAI)}, 
  title={Swin-Transformer Based Classification for Rice Diseases Recognition}, 
  year={2021},
  volume={},
  number={},
  pages={153-156},
  keywords={Deep learning;Training;Visualization;Technological innovation;Image recognition;Insects;Transformers;Rice diesase;transformer;deep learning;agricultural},
  doi={10.1109/CISAI54367.2021.00036}
}
